@misc{tanzu,
  title = {Tanzu},
  howpublished = {\url{https://tanzu.vmware.com/tanzu}},
}
@misc{cloudassembly,
  title = {Cloud Assembly},
  howpublished = {\url{https://cloud.vmware.com/cloud-assembly}},
}
@misc{tkg,
  title = {Tanzu Kubernetes Grid},
  howpublished = {\url{https://tanzu.vmware.com/kubernetes-grid}},
}
@misc{tmc,
  title = {Tanzu Mission Control},
  howpublished = {\url{https://tanzu.vmware.com/mission-control}},
}
@misc{cloudinit,
  title = {Cloud init},
  howpublished = {\url{https://cloud-init.io/}},
}@misc{clusterapi,
  title = {Cluster api},
  howpublished = {\url{https://github.com/kubernetes-sigs/cluster-api}},
}